@misc{ButerinSecurityFrameworks,
  author = {V. Buterin},
  title = {On Slow and Fast Block Times},
  howpublished = {\url{https://blog.ethereum.org/2015/09/14/on-slow-and-fast-block-times/}},
  note = {Accessed: 2018-08-19}
}

@misc{Censorship,
  author = {V. Buterin},
  title = {The Problem of Censorship},
  howpublished={\url{https://blog.ethereum.org/2015/06/06/the-problem-of-censorship/}}
}

@misc{DLT,
  author = {M. Rauchs et. al.},
  title = {Distributed Ledger Technology Systems: A Conceptual Framework},
  howpublished = {\url{https://papers.ssrn.com/sol3/papers.cfm?abstract_id=3230013}},
  note = {Accessed: 2018-08-19}
}

@misc{tps,
	author = {D. O'Keefe},
    title = {Understanding Cryptocurrency Transaction Speeds},
    howpublished={\url{https://medium.com/coinmonks/understanding-cryptocurrency-transaction-speeds-f9731fd93cb3}}
    note = {Accessed: 2018-08-19}
}

@misc{microlecture,
  author = {E. G. Sirer},
  howpublished={\url{https://twitter.com/el33th4xor/status/1006931658338177024}}
}

@misc{UXTO,
  author={V. Buterin},
  title={{Thoughts on UTXO}},
  howpublished={\url{https://medium.com/@ConsenSys/thoughts-on-utxo-by-vitalik-buterin-2bb782c67e53}}
}

@misc{ConsensusBlockchain,
   author={S. Bano et. al.},
   title={SoK: Consensus in the Age of Blockchains},
   howpublished={\url{https://arxiv.org/pdf/1711.03936.pdf}}
}

@misc{trusttaxonomy,
  author={R. Thurimella and Y. Aahlad},
  title={The Hitchhiker’s Guide to Blockchains: A Trust Based Taxonomy},
  howpublished={\url{https://wandisco.com/assets/whitepapers/the-hitchhikers-guide-to-blockchains.pdf}}
}


 @article{Eyal_Sirer_2018, 
 title={Majority is not enough: bitcoin mining is vulnerable}, volume={61}, 
 DOI={10.1145/3212998}, number={7}, journal={Communications of the ACM}, 
 author={E. Ittay and E. G. Sirer}, year={2018}, month={Jun}, pages={95–102} }


@misc{BitcoinConfirmation,
	howpublished={\url{https://en.bitcoin.it/wiki/Confirmation}}
}

@misc{CasperFFG,
	author={V.Buterin and V. Griffith},
    title={Casper the Friendly Finality Gadget},
    howpublished={\url{https://arxiv.org/abs/1710.09437}}
}

@misc{GHOST,
  author={Y. Sompolinsky and A. Zohar},
  title={{Secure High-Rate Transaction Processing in Bitcoin}},
  howpublished={\url{https://eprint.iacr.org/2013/881.pdf}}
}

@misc{bitcoin_wp,
	author={S. Nakamoto},
    howpublished={\url{https://bitcoin.org/bitcoin.pdf}},
    title={{Bitcoin: A Peer-to-Peer Electronic Cash System}}
}

@misc{BitcoinEnergy,
	howpublished={\url{https://www.wired.co.uk/article/bitcoin-mining-energy-consumption-new-york}}
}

@misc{PoSFAQ,
   howpublished={\url{https://github.com/ethereum/wiki/wiki/Proof-of-Stake-FAQs}}
}

@misc{Spectre,
	 author={Y. Sompolinsky, Y. Lewenberg and A. Zohar},
  title={{Serialization of Proof-of-work Events: Confirming Transactions via
Recursive Elections}},
  howpublished={\url{https://eprint.iacr.org/2016/1159.pdf}}

}

@misc{IOTA,
  author={S. Popov},
  title={{The Tangle}},
  howpublished={\url{https://assets.ctfassets.net/r1dr6vzfxhev/2t4uxvsIqk0EUau6g2sw0g/45eae33637ca92f85dd9f4a3a218e1ec/iota1_4_3.pdf}}
}

@misc{DAGWiki,
	howpublished={\url{https://en.wikipedia.org/wiki/Directed_acyclic_graph}}
}


@misc{FLP,
    title={{A brief tour of FLP impossibility}},
	howpublished={\url{https://www.the-paper-trail.org/post/2008-08-13-a-brief-tour-of-flp-impossibility/}}
}

@misc{Vite,
   title={{Vite: A High Performance Asynchronous Decentralized
Application Platform}},
   author={{C. Liu et. al.}},
   howpublished={\url{https://www.vite.org/whitepaper/vite_en.pdf}}
}

@misc{ByteBall,
   title={{Byteball:	A	Decentralized	System	for	Storage	and	
Transfer	of	Value}},
   author={{A. Churyumov}},
   howpublished={\url{https://byteball.org/Byteball.pdf}}
}

@misc{IOTACoordinator,
	title={{The IOTA Coordinator}},
	howpublished={\url{https://domschiener.gitbooks.io/iota-guide/content/chapter1/current-role-of-the-coordinator.html}}
}

@misc{Hashgraph,
  title={{https://www.swirlds.com/downloads/SWIRLDS-TR-2016-01.pdf}},
  author={{L. Baird}},
  howpublished={\url{https://s3.amazonaws.com/hedera-hashgraph/hh-whitepaper-v1.1-180518.pdf}}
}

@misc{Avalanche,
  title={{Snowflake to Avalanche: A Novel Metastable Consensus Protocol Family for
Cryptocurrencies}},
  author={{Team Rocket}},
  howpublished={\url{https://ipfs.io/ipfs/QmUy4jh5mGNZvLkjies1RWM4YuvJh5o2FYopNPVYwrRVGV}}
}

@misc{Tendermint,
  title={{The latest gossip on BFT consensus}},
  author={{E. Buchman et. al.}},
  howpublished={\url{https://arxiv.org/pdf/1807.04938.pdf}}
}

@misc{Algorand,
   author={{Y. Gillad et. al.}},
   title={{Algorand: Scaling Byzantine Agreements
for Cryptocurrencies}},
   howpublished={\url{https://people.csail.mit.edu/nickolai/papers/gilad-algorand.pdf}}
}